<record><leader>00000cas a22000007a 4500</leader><controlfield tag="001">30330009</controlfield><controlfield tag="008">940426d19691972okuwr ne      0    0eng d</controlfield><datafield ind1=" " ind2=" " tag="010"><subfield code="a">sn 94058798 </subfield></datafield><datafield ind1=" " ind2=" " tag="040"><subfield code="a">OBN</subfield><subfield code="b">eng</subfield><subfield code="c">OBN</subfield><subfield code="d">OCL</subfield><subfield code="d">OCLCQ</subfield></datafield><datafield ind1=" " ind2=" " tag="042"><subfield code="a">msc</subfield></datafield><datafield ind1="0" ind2="0" tag="245"><subfield code="a">McCurtain weekly gazette.</subfield></datafield><datafield ind1=" " ind2=" " tag="260"><subfield code="a">Idabel, McCurtain County, Okla. :</subfield><subfield code="b">I.J. Banta &amp; T. Estes</subfield></datafield><datafield ind1=" " ind2=" " tag="300"><subfield code="a">v.</subfield></datafield><datafield ind1=" " ind2=" " tag="310"><subfield code="a">Weekly</subfield></datafield><datafield ind1="0" ind2=" " tag="362"><subfield code="a">Vol. 63, no. 32 (June 5, 1969)-v. 66, no. 16 (May 25, 1972).</subfield></datafield><datafield ind1=" " ind2=" " tag="580"><subfield code="a">Daily edition: McCurtain daily gazette.</subfield></datafield><datafield ind1=" " ind2="4" tag="651"><subfield code="a">Idabel (Okla.)</subfield><subfield code="v">Newspapers.</subfield></datafield><datafield ind1=" " ind2="4" tag="651"><subfield code="a">McCurtain (Okla.)</subfield><subfield code="v">Newspapers.</subfield></datafield><datafield ind1=" " ind2=" " tag="752"><subfield code="a">United States</subfield><subfield code="b">Oklahoma</subfield><subfield code="c">McCurtain</subfield><subfield code="d">Idabel.</subfield></datafield><datafield ind1="1" ind2=" " tag="775"><subfield code="a">McCurtain daily gazette (Idabel, Okla. : 1969)</subfield><subfield code="w">(DLC)sn 94058800</subfield><subfield code="w">(OCoLC)30330126</subfield></datafield><datafield ind1="0" ind2="0" tag="780"><subfield code="t">McCurtain gazette (Idabel, Okla. : 1907)</subfield><subfield code="w">(DLC)sn 85042312</subfield><subfield code="w">(OCoLC)12110732</subfield></datafield><datafield ind1="0" ind2="1" tag="785"><subfield code="t">McCurtain gazette (Idabel, Okla. : 1972)</subfield><subfield code="w">(OCoLC)30330275</subfield></datafield><datafield ind1="1" ind2=" " tag="029"><subfield code="a">AU@</subfield><subfield code="b">000010972781</subfield></datafield></record>